@misc{utkDataset,
	title = {{UTKFace}},
	journal = {UTKFace},
	year = {2021},
	month = oct,
	note = {[Online; accessed 24. Nov. 2023]},
	url = {https://susanqq.github.io/UTKFace}
}

@inproceedings{fairface,
  title={FairFace: Face Attribute Dataset for Balanced Race, Gender, and Age for Bias Measurement and Mitigation},
  author={Karkkainen, Kimmo and Joo, Jungseock},
  booktitle={Proceedings of the IEEE/CVF Winter Conference on Applications of Computer Vision},
  year={2021},
  pages={1548-1558}
}

@inproceedings{deepface,
  title        = {HyperExtended LightFace: A Facial Attribute Analysis Framework},
  author       = {Serengil, Sefik Ilkin and Ozpinar, Alper},
  booktitle    = {2021 International Conference on Engineering and Emerging Technologies (ICEET)},
  pages        = {1-4},
  year         = {2021},
  doi          = {10.1109/ICEET53442.2021.9659697},
  url          = {https://doi.org/10.1109/ICEET53442.2021.9659697},
  organization = {IEEE}
}



